@ARTICLE {vision1,
    author  = "Baudel, T. and Beaudouin-Lafon, M.",
    title   = "''Charade: remote control of objects using free-hand gestures''",
    journal = "Communications of the ACM",
    year    = "1993",
    pages   = "28-35 "
}

@ARTICLE {vision2,
    author  = "Rautaray, S. and Agrawal, A.",
    title   = "''Vision based hand gesture recognition for human computer interaction: a survey''",
    journal = "Artificial Intelligence Review Volume 43",
    year    = "2015",
    pages   = "1-54"
}

@ARTICLE {vision3,
    author  = "Ren, Z. and Yuan, J. and Zhang, Z.",
    title   = "''Robust hand gesture recognition based on finger-earth mover's distance with a commodity depth camera''",
    journal = "Proceedings of the 19th ACM international conference on Multimedia",
    year    = "2011",
    pages   = "1093-1096 "
}

@ARTICLE {xu,
    author  = "Xu, R. and Zhou, S. and Li, W.",
    title   = "''MEMS Accelerometer Based Nonspecific-User Hand Gesture Recognition''",
    journal = "IEEE SENSORS JOURNAL",
    year    = "2012",
    pages   = "1166-1172 "
}

@ARTICLE {liu,
    author  = "Liu, J. and Zhong, L. and Wickramasuriya, J. and Vasudevan, V.",
    title   = "''uWave: Accelerometer-based personalized gesture recognition and its applications''",
    journal = "Pervasive and Mobile Computing",
    year    = "2009",
    pages   = "657-675"
}

@ARTICLE {kim,
    author  = "Kim, J. and Thang, D. and Kim, T.",
    title   = "''3-D Hand Motion Tracking and Gesture Recognition Using a Data Glove''",
    journal = "IEEE International Symposium on Industrial Electronics",
    year    = "2009",
    pages   = "1013-1018 "
}

@ARTICLE {belgioioso,
    author  = "Belgiogioso, G. and Cenedese, A. and Cirillo, G. and Fraccaroli, F. and Susto, G.",
    title   = "''A Machine Learning based Approach for Gesture Recognition from Inertial Measurements''",
    journal = "IEEE 53rd Annual Conference on Decision and Control",
    year    = "2014"
}

