@article{Becker2008,
  author = {Steffen Becker and Heiko Koziolek and Ralf Reussner},
  title = {{T}he {P}alladio component model for model-driven performance prediction},
  journal = {Journal of Systems and Software},
  year = {2009},
  volume = {82},
  pages = {3--22},
  doi = {10.1016/j.jss.2008.03.066},
  publisher = {Elsevier Science Inc.}
}

@misc{EC2012ND,
  title = {{Draft Commission Recommendation on consistent non-discrimination obligations and costing methodologies to promote competition and enhance the broadband investment environment}},
  author = {{European Commission}},
  year = {2012},
  howpublished = {Retrieved from \url{http://ec.europa.eu/digital-agenda/en/news/draft-commission-recommendation-consistent-non-discrimination-obligations-and-costing}},
  note = {Accessed on 01.01.2013}
}